<record><leader>00000cas a2200000 a 4500</leader><controlfield tag="001">17196336</controlfield><controlfield tag="008">871207d19191919wauwr ne      0    0eng d</controlfield><datafield ind1=" " ind2=" " tag="010"><subfield code="a">sn 87093198 </subfield></datafield><datafield ind1=" " ind2=" " tag="040"><subfield code="a">SLZ</subfield><subfield code="b">eng</subfield><subfield code="c">SLZ</subfield><subfield code="d">OCL</subfield><subfield code="d">OCLCQ</subfield><subfield code="d">OCLCF</subfield><subfield code="d">OCLCO</subfield></datafield><datafield ind1="1" ind2=" " tag="029"><subfield code="a">AU@</subfield><subfield code="b">000025840823</subfield></datafield><datafield ind1=" " ind2=" " tag="042"><subfield code="a">msc</subfield></datafield><datafield ind1=" " ind2=" " tag="043"><subfield code="a">n-us-wa</subfield></datafield><datafield ind1="0" ind2="4" tag="245"><subfield code="a">The Vidette and the Washington call.</subfield></datafield><datafield ind1="1" ind2="7" tag="246"><subfield code="a">Vidette and call</subfield></datafield><datafield ind1=" " ind2=" " tag="260"><subfield code="a">Montesano, Wash. :</subfield><subfield code="b">Vidette Co.</subfield></datafield><datafield ind1=" " ind2=" " tag="300"><subfield code="a">1 v.</subfield></datafield><datafield ind1=" " ind2=" " tag="310"><subfield code="a">Weekly</subfield></datafield><datafield ind1="0" ind2=" " tag="362"><subfield code="a">Vol. 36, no. 7 (Feb. 14, 1919)-v. 37, no. 52 (Dec. 26, 1919).</subfield></datafield><datafield ind1=" " ind2="0" tag="651"><subfield code="a">Montesano (Wash.)</subfield><subfield code="v">Newspapers.</subfield></datafield><datafield ind1=" " ind2="7" tag="655"><subfield code="a">Newspapers.</subfield><subfield code="2">fast</subfield><subfield code="0">(OCoLC)fst01423814</subfield></datafield><datafield ind1=" " ind2="7" tag="651"><subfield code="a">Washington (State)</subfield><subfield code="z">Montesano.</subfield><subfield code="2">fast</subfield><subfield code="0">(OCoLC)fst01227411</subfield></datafield><datafield ind1=" " ind2=" " tag="752"><subfield code="a">United States</subfield><subfield code="b">Washington</subfield><subfield code="c">Grays Harbor</subfield><subfield code="d">Montesano.</subfield></datafield><datafield ind1="0" ind2="0" tag="780"><subfield code="t">Vidette (Montesano, Wash.)</subfield><subfield code="w">(DLC)sn 87093197</subfield></datafield><datafield ind1="0" ind2="0" tag="785"><subfield code="t">Montesano vidette</subfield><subfield code="w">(DLC)sn 87071971</subfield></datafield></record>